<?xml version="1.0" encoding="UTF-8"?><record xmlns="http://www.loc.gov/MARC21/slim" xmlns:cinclude="http://apache.org/cocoon/include/1.0" xmlns:zs="http://www.loc.gov/zing/srw/">
  <leader>01095nz  a2200169n  4500</leader>
  <controlfield tag="001">no2012110552</controlfield>
  <controlfield tag="003">DLC</controlfield>
  <controlfield tag="005">20120818084404.0</controlfield>
  <controlfield tag="008">120816n| acannaabn          |n aaa     c</controlfield>
  <datafield tag="010" ind1=" " ind2=" ">
    <subfield code="a">no2012110552</subfield>
  </datafield>
  <datafield tag="035" ind1=" " ind2=" ">
    <subfield code="a">(OCoLC)oca09278590</subfield>
  </datafield>
  <datafield tag="040" ind1=" " ind2=" ">
    <subfield code="a">MsU</subfield>
    <subfield code="b">eng</subfield>
    <subfield code="c">MsU</subfield>
  </datafield>
  <datafield tag="100" ind1="1" ind2=" ">
    <subfield code="a">Higgins, John H.,</subfield>
    <subfield code="d">1958-</subfield>
  </datafield>
  <datafield tag="670" ind1=" " ind2=" ">
    <subfield code="a">10 steps to a digital practice in the cloud, 2012:</subfield>
    <subfield code="b">t.p. (John Higgins, CPA, CITP) cover (John H. Higgins) p. xi (John H. Higgins; Strategic Adviser, CPA Crossings, LLC; As a cofounder of CPA Crossings, John specializes in facilitating the development of strategic technology plans, paperless workflows, client portal solutions and a comprehensive digital practice model.)</subfield>
  </datafield>
  <datafield tag="670" ind1=" " ind2=" ">
    <subfield code="a">CPA Crossings website, viewed Aug. 16, 2012:</subfield>
    <subfield code="b">About us &gt; his page (John resides in Rochester, Michigan with his wife Karen and their two children)</subfield>
  </datafield>
  <datafield tag="670" ind1=" " ind2=" ">
    <subfield code="a">Spokeo.com, viewed Aug. 16, 2012:</subfield>
    <subfield code="b">his record (b. Sept. 1958)</subfield>
  </datafield>
  <datafield tag="670" ind1=" " ind2=" ">
    <subfield code="a">LinkedIn.com, viewed Aug. 16, 2012:</subfield>
    <subfield code="b">his record (Education: Walsh College of Accountancy and Business Administration, Bachelor of Accountancy, Accounting,1979-1981)</subfield>
  </datafield>
</record>